% Bibliography for DeVAA Thesis

@misc{w3c-did-v1,
  author = {{W3C}},
  title = {Decentralized Identifiers (DIDs) v1.0},
  year = {2022},
  howpublished = {\url{https://www.w3.org/TR/did-core/}},
  note = {W3C Recommendation}
}

@misc{w3c-vc-2,
  author = {{W3C}},
  title = {Verifiable Credentials Data Model v2.0},
  year = {2023},
  howpublished = {\url{https://www.w3.org/TR/vc-data-model-2.0/}},
  note = {W3C Recommendation}
}

@article{roughgarden2021eip1559,
  title={Transaction fee mechanism design for the Ethereum blockchain: An economic analysis of EIP-1559},
  author={Roughgarden, Tim},
  journal={arXiv preprint arXiv:2012.00854},
  year={2021}
}

@misc{eip1559,
  author = {{Ethereum}},
  title = {EIP-1559: Fee market change for ETH 1.0 chain},
  year = {2021},
  howpublished = {\url{https://eips.ethereum.org/EIPS/eip-1559}}
}

@misc{buterin2021eip1559,
  author = {Buterin, Vitalik and Conner, Eric and Dudley, Rick and Slipper, Matthew and Norden, Ian},
  title = {EIP-1559: Fee market change for ETH 1.0 chain},
  year = {2021},
  howpublished = {\url{https://github.com/ethereum/EIPs/blob/master/EIPS/eip-1559.md}}
}

@article{wang2023llmagents,
  title={A survey on large language model based autonomous agents},
  author={Wang, Lei and Ma, Chen and Feng, Xueyang and Zhang, Zeyu and Yang, Hao and Zhang, Jingsen and Chen, Zhiyuan and Tang, Jiakai and Chen, Xu and Lin, Yankai and others},
  journal={arXiv preprint arXiv:2308.11432},
  year={2023}
}

@inproceedings{chen2020smartcontractsurvey,
  title={A survey on ethereum systems security: Vulnerabilities, attacks, and defenses},
  author={Chen, Huashan and Pendleton, Marcus and Njilla, Laurent and Xu, Shouhuai},
  booktitle={ACM Computing Surveys (CSUR)},
  volume={53},
  number={3},
  pages={1--43},
  year={2020}
}

@inproceedings{daian2020flashboys,
  title={Flash boys 2.0: Frontrunning in decentralized exchanges, miner extractable value, and consensus instability},
  author={Daian, Philip and Goldfeder, Steven and Kell, Tyler and Li, Yunqi and Zhao, Xueyuan and Bentov, Iddo and Breidenbach, Lorenz and Juels, Ari},
  booktitle={2020 IEEE Symposium on Security and Privacy (SP)},
  pages={910--927},
  year={2020},
  organization={IEEE}
}

@article{werner2022sok,
  title={SoK: Decentralized finance (defi)},
  author={Werner, Sam M and Perez, Daniel and Gudgeon, Lewis and Klages-Mundt, Ariah and Harz, Dominik and Knottenbelt, William J},
  journal={arXiv preprint arXiv:2101.08778},
  year={2022}
}

@article{schar2021defi,
  title={Decentralized finance: On blockchain-and smart contract-based financial markets},
  author={Sch{\"a}r, Fabian},
  journal={FRB of St. Louis Review},
  year={2021}
}

@inproceedings{eskandari2021sok,
  title={Sok: Transparent dishonesty: front-running attacks on blockchain},
  author={Eskandari, Shayan and Moosavi, Seyedehmahsa and Clark, Jeremy},
  booktitle={International Conference on Financial Cryptography and Data Security},
  pages={170--189},
  year={2021},
  organization={Springer}
}

@article{nadler2020decentralized,
  title={Decentralized exchanges},
  author={Nadler, Matthias and Sch{\"a}r, Fabian},
  journal={Available at SSRN 3905316},
  year={2020}
}

@article{gudgeon2020sok,
  title={Sok: Layer-two blockchain protocols},
  author={Gudgeon, Lewis and Moreno-Sanchez, Pedro and Roos, Stefanie and McCorry, Patrick and Gervais, Arthur},
  journal={arXiv preprint arXiv:1904.08425},
  year={2020}
}

@misc{buterin2021incomplete,
  title={An incomplete guide to rollups},
  author={Buterin, Vitalik},
  year={2021},
  howpublished = {\url{https://vitalik.ca/general/2021/01/05/rollup.html}}
}

@article{kalodner2023arbitrum,
  title={Arbitrum: Scalable, private smart contracts},
  author={Kalodner, Harry and Goldfeder, Steven and Chen, Xiaoqi and Weinberg, S Matthew and Felten, Edward W},
  journal={arXiv preprint arXiv:1806.08060},
  year={2023}
}

@misc{gluchowski2021zksync,
  title={zkSync: scaling and privacy engine for Ethereum},
  author={Gluchowski, Alex},
  year={2021},
  howpublished = {\url{https://github.com/matter-labs/zksync}}
}

@inproceedings{tas2022accountablesafety,
  title={Accountable safety for rollups},
  author={Tas, Ertem Nusret and Tse, David and Yu, Lei and Kannan, Sreeram and Ramamurthy, Saravanan},
  booktitle={International Conference on Financial Cryptography and Data Security},
  year={2022}
}

@misc{eip4844,
  author = {{Ethereum}},
  title = {EIP-4844: Shard Blob Transactions},
  year = {2023},
  howpublished = {\url{https://eips.ethereum.org/EIPS/eip-4844}}
}

@inproceedings{zhang2020deco,
  title={DECO: Liberating web data using decentralized oracles for TLS},
  author={Zhang, Fan and Maram, Deepak and Malvai, Harjasleen and Goldfeder, Steven and Juels, Ari},
  booktitle={Proceedings of the 2020 ACM SIGSAC Conference on Computer and Communications Security},
  pages={1919--1938},
  year={2020}
}

@article{deng2024over,
  title={The oracle problem revisited: A survey},
  author={Deng, Shenghua and Zhang, Yue and Xiong, Zhuoyi and Chen, Yufei and Zhang, Zhumin},
  journal={IEEE Access},
  year={2024}
}

@inproceedings{chiesa2020marlin,
  title={Marlin: Preprocessing zkSNARKs with universal and updatable SRS},
  author={Chiesa, Alessandro and Hu, Yuncong and Maller, Mary and Mishra, Pratyush and Vesely, Noah and Ward, Nicholas},
  booktitle={Advances in Cryptology--EUROCRYPT 2020},
  pages={738--768},
  year={2020},
  organization={Springer}
}

@inproceedings{boneh2020bulletproofs,
  title={Bulletproofs: Short proofs for confidential transactions and more},
  author={B{\"u}nz, Benedikt and Bootle, Jonathan and Boneh, Dan and Poelstra, Andrew and Wuille, Pieter and Maxwell, Greg},
  booktitle={2018 IEEE symposium on security and privacy (SP)},
  pages={315--334},
  year={2020},
  organization={IEEE}
}

@article{kang2023zkml,
  title={zkML: Verifiable machine learning},
  author={Kang, Daniel and Hashimoto, Tatsunori and Stoica, Ion and Sun, Yi},
  journal={arXiv preprint arXiv:2210.08674},
  year={2023}
}

@inproceedings{bunz2020zether,
  title={Zether: Towards privacy in a smart contract world},
  author={B{\"u}nz, Benedikt and Agrawal, Shashank and Zamani, Mahdi and Boneh, Dan},
  booktitle={International Conference on Financial Cryptography and Data Security},
  pages={423--443},
  year={2020},
  organization={Springer}
}

@article{qasse2021inter,
  title={Inter-blockchain communication: A survey},
  author={Qasse, Ismail A and Abu Talib, Manar and Nasir, Qassim},
  journal={IEEE Access},
  year={2021}
}

@article{zamyatin2021sok,
  title={SoK: Communication across distributed ledgers},
  author={Zamyatin, Alexei and Al-Bassam, Mustafa and Zindros, Dionysis and Kokoris-Kogias, Lefteris and Moreno-Sanchez, Pedro and Kiayias, Aggelos and Knottenbelt, William J},
  journal={arXiv preprint arXiv:1903.09218},
  year={2021}
}

@article{liu2021blockchain,
  title={A survey on blockchain-based trust management},
  author={Liu, Bin and Zhang, Lei and Wang, Xin},
  journal={IEEE Access},
  year={2021}
}

@article{albreiki2020trustworthy,
  title={Trustworthy blockchain oracles: Review, comparison, and open research challenges},
  author={Al-Breiki, Hamda and Rehman, Muhammad Habib Ur and Salah, Khaled and Svetinovic, Davor},
  journal={IEEE Access},
  volume={8},
  pages={85675--85685},
  year={2020}
}

@misc{eip4337,
  author = {{Ethereum}},
  title = {EIP-4337: Account Abstraction Using Alt Mempool},
  year = {2023},
  howpublished = {\url{https://eips.ethereum.org/EIPS/eip-4337}}
}

@misc{wood2014ethereum,
  author = {Wood, Gavin},
  title = {Ethereum: A Secure Decentralised Generalised Transaction Ledger (Yellow Paper)},
  year = {2014},
  howpublished = {\url{https://ethereum.github.io/yellowpaper/paper.pdf}}
}

@misc{benet2014ipfs,
  author = {Benet, Juan},
  title = {IPFS - Content Addressed, Versioned, P2P File System},
  year = {2014},
  howpublished = {\url{https://ipfs.io/ipfs/QmR7GSQM93Cx5eAg6a6VWX6bHbK5r4YQ2Q2FpbnY2Y7Z2u}}
}

@article{groth2016snarks,
  author = {Groth, Jens},
  title = {On the Size of a Pairing-based Non-interactive Argument},
  journal = {Journal of Cryptology},
  year = {2016}
}

@misc{gabizon2019plonk,
  author = {Gabizon, Ariel and Williamson, Zachary J. and Ciobotaru, Oana},
  title = {PLONK: Permutations over Lagrange-bases for Oecumenical Noninteractive arguments of Knowledge},
  year = {2019},
  howpublished = {IACR ePrint 2019/953}
}

@misc{bensasson2018stark,
  author = {Ben-Sasson, Eli and Bentov, Iddo and Horesh, Ynon and Riabzev, Michael},
  title = {Scalable, transparent, and post-quantum secure computational integrity},
  year = {2018},
  howpublished = {IACR ePrint 2018/046}
}

@article{hevner2004design,
  author = {Hevner, Alan R. and March, Salvatore T. and Park, Jinsoo and Ram, Sudha},
  title = {Design Science in Information Systems Research},
  journal = {MIS Quarterly},
  year = {2004}
}

@article{peffers2007dsr,
  author = {Peffers, Ken and Tuunanen, Tuure and Rothenberger, Marcus A. and Chatterjee, Samir},
  title = {A Design Science Research Methodology for Information Systems Research},
  journal = {Journal of Management Information Systems},
  year = {2007}
}

@article{efron1979bootstrap,
  author = {Efron, Bradley},
  title = {Bootstrap methods: another look at the jackknife},
  journal = {The Annals of Statistics},
  year = {1979}
}

@article{massey1951kolmogorov,
  author = {Massey Jr, Frank J.},
  title = {The Kolmogorov-Smirnov test for goodness of fit},
  journal = {Journal of the American Statistical Association},
  year = {1951}
}

@misc{adams2021uniswapv3,
  author = {Adams, Hayden and Zinsmeister, Noah and Salem, Moody},
  title = {Uniswap v3 Core},
  year = {2021},
  howpublished = {\url{https://uniswap.org/whitepaper-v3.pdf}}
}